<?xml version="1.0" encoding="UTF-8"?><collection xmlns="http://www.loc.gov/MARC21/slim"><record><leader>00425nam--2200157-i-4500</leader><controlfield tag="001">000027528</controlfield><controlfield tag="002">20161230</controlfield><controlfield tag="005">20161230201036</controlfield><controlfield tag="008">060222s1000------------r-----000-0-eng-d</controlfield><datafield ind1=" " ind2=" " tag="040"><subfield code="a">IFIN-HH</subfield></datafield><datafield ind1=" " ind2=" " tag="100"><subfield code="a">Lanczos Cornelius</subfield></datafield><datafield ind1=" " ind2=" " tag="245"><subfield code="a">Applied analysis</subfield></datafield><datafield ind1=" " ind2=" " tag="260"><subfield code="a">LONDON, ISSAC PITMAN &amp; SONS, LTD., 1957, XX + 539 p</subfield></datafield><datafield ind1=" " ind2=" " tag="490"><subfield code="a">Prentice-hall Mathematics Series</subfield></datafield><datafield ind1=" " ind2=" " tag="852"><subfield code="a">16813</subfield><subfield code="c">518.12</subfield></datafield><datafield ind1=" " ind2=" " tag="CAT"><subfield code="a">Sys</subfield><subfield code="c">20090630</subfield><subfield code="h">130655</subfield></datafield></record></collection>